@phdthesis{Madgwick:dissertation,
  author      = {Sebastian O.H. Madgwick},
  school      = {University of Bristol},
  title       = {AHRS algorithms and calibration solutions to facilitate new applications using low-cost MEMS},
  year        = {2014}
}

@inproceedings{Hamilton:1850,
  author          = {Sir William Rowan Hamilton},
  booktitle       = {On Quaternions; or on a new System of Imaginaries in Algebra},
  editor          = {David R. Wilkins},
  title           = {The London, Edinburgh and Dublin Philosophical Magazine and Journal of Science (3rd Series)},
  year            = {1844-1850}
}

@misc{VectorNav:2023,
  title        = "What is an inertial measurement unit",
  author       = "{VectorNav}",
  howpublished = "\url{https://www.vectornav.com/resources/inertial-navigation-articles/what-is-an-inertial-measurement-unit-imu}",
  year         = 2023,
  note         = "Accessed: 2023"
}

@misc{MEMS:2023,
  title        = "What is MEMS Technology",
  author       = "{MEMS Exchange}",
  howpublished = "\url{https://www.mems-exchange.org/MEMS/what-is.html}",
  year         = 2023,
  note         = "Accessed: 2023"
}

@book{Corke:2011,
  author         = {Peter Corke},
  editor         = {},
  publisher      = {Springer Tracts in Advanced Robotics},
  title          = {Robotics, Vision and Control: Fundamental Algorithms in MATLAB, 2nd ed.},
  year           = {2011}
}

@techreport{Thomason:1965,
  author      = {H. E. Thomason},
  institution = {NASA Marshall Space Flight Center, Huntsville, AL, United States},
  title       = {A general description of the st124-m inertial platform system},
  year        = {1965}
}

@book{Hofmann:2001,
  author         = {Bernard Hofmann-Wellenhof and Herbert Lichtenegger and James Collins},
  editor         = {},
  publisher      = {Springer},
  title          = {Global Positioning System: Theory and Practice},
  year           = {2001}
}

@inproceedings{Kalman:1960,
  author          = {R. E. Kalman},
  booktitle       = {A New Approach to Linear Filtering and Prediction Problems},
  editor          = {},
  title           = {Transactions of the ASME - Journal of Basic Engineering, 82 (Series D)},
  year            = {1960},
  pages           = {35-45}
}

@article{Mahony:2008,
  author={Mahony, Robert and Hamel, Tarek and Pflimlin, Jean-Michel},
  journal={IEEE Transactions on Automatic Control}, 
  title={Nonlinear Complementary Filters on the Special Orthogonal Group}, 
  year={2008},
  volume={53},
  number={5},
  pages={1203-1218},
  doi={10.1109/TAC.2008.923738}
}

@article{FCF:2016,
  author={Wu, Jin and Zhou, Zebo and Chen, Jingjun and Fourati, Hassen and Li, Rui},
  journal={IEEE Sensors Journal}, 
  title={Fast Complementary Filter for Attitude Estimation Using Low-Cost MARG Sensors}, 
  year={2016},
  volume={16},
  number={18},
  pages={6997-7007},
  doi={10.1109/JSEN.2016.2589660}
}

@book{Craig:2022,
  author         = {John Craig},
  editor         = {},
  publisher      = {Pearson},
  title          = {Introduction to Robotics: Mechanics and Control, 4th ed.},
  year           = {2022}
}

@book{Becker:2023,
  author         = {Alex Becker},
  editor         = {},
  publisher      = {Alex Becker},
  title          = {Kalman Filter: From the Ground Up, 2nd ed.},
  year           = {2023}
}

@misc{Martinez:2021,
  title        = "The Maker Movement: A Learning Revolution",
  author       = "Sylvia Martinez and Gary Stager",
  howpublished = "\url{https://iste.org/blog/The-maker-movement-A-learning-revolution}",
  year         = 2021,
  note         = "Accessed: 2023"
}

@misc{Sparton,
  author       = "Sparton",
  howpublished = "\url{https://www.spartonnavex.com/ahrs-8/}",
  title        = "AHRS-8 Product Page",
  year         = "",
  note         = "Accessed: 2023"
}

@misc{Movella,
  author       = "Movella",
  howpublished = "\url{https://www.movella.com/products/sensor-modules/xsens-mti-100-imu}",
  title        = "xsens MTi-100 Product Page",
  year         = "",
  note         = "Accessed: 2023"
}

@misc{VectorNav:VN200,
  author       = "VectorNav",
  howpublished = "\url{https://www.vectornav.com/products/detail/vn-200}",
  title        = "VectorNav VN200 Product Page",
  year         = "",
  note         = "Accessed: 2023"
}

@misc{SwiftNav,
  author       = "SwiftNav",
  howpublished = "\url{https://www.swiftnav.com/duro-inertial}",
  title        = "SwiftNav Duro Inertial Product Page",
  year         = "",
  note         = "Accessed: 2023"
}

@misc{Aceinna,
  author       = "Aceinna",
  howpublished = "\url{https://www.aceinna.com/inertial-systems/INS401}",
  title        = "Aceinna INS401 Product Page",
  year         = "",
  note         = "Accessed: 2023"
}

@misc{KauaiLabs,
  author       = "KauaiLabs",
  howpublished = "\url{https://pdocs.kauailabs.com/navx-micro/}",
  title        = "Kauai Labs NavX2 Micro Product Page",
  year         = "",
  note         = "Accessed: 2023"
}

@misc{SparkFun,
  author       = "SparkFun",
  howpublished = "\url{https://www.sparkfun.com/products/16832}",
  title        = "SparkFun OpenLog Artemis Product Page",
  year         = "",
  note         = "Accessed: 2023"
}

@misc{HolyBro,
  author       = "HolyBro",
  howpublished = "\url{https://holybro.com/products/pixhawk-6x}",
  title        = "Holybro Pixhawk 6X Product Page",
  year         = "",
  note         = "Accessed: 2023"
}

@misc{xioTechnologies,
  author       = "x-io Technologies",
  howpublished = "\url{https://x-io.co.uk/x-imu3/}",
  title        = "x-io Technologies x-IMU3 Product Page",
  year         = "",
  note         = "Accessed: 2023"
}

@article{Allouis:2013,
  author = {Allouis, Elie and Blake, R and Gunes-Lasnet, S and Jorden, T and Maddison, B and Schroeven-Deceuninck, H and Stuttard, M and Truss, P and Ward, K and Ward, R and Woods, Mark},
  year = {2013},
  month = {05},
  pages = {},
  title = {A facility for the verification and validation of robotics and autonomy for planetary exploration}
}

@book{Kuipers:2002,
  author         = {Jerome B. Kuipers},
  editor         = {},
  publisher      = {Princeton University Press},
  title          = {Quaternions and Rotation Sequences: A Primer with Applications to Orbits, Aerospace and Virtual Reality},
  year           = {2022}
}

@misc{Tuupola:2018,
  author       = {Mika Tuupola},
  howpublished = {\url{https://www.appelsiini.net/2018/calibrate-magnetometer/}},
  title        = {How to Calibrate a Magnetometer?},
  year         = {2018}
}

@inproceedings{Li:2004,
  author={Qingde Li and Griffiths, J.G.},
  booktitle={Geometric Modeling and Processing, 2004. Proceedings}, 
  title={Least squares ellipsoid specific fitting}, 
  year={2004},
  volume={},
  number={},
  pages={335-340},
  doi={10.1109/GMAP.2004.1290055}
}

@techreport{Ozyagcilar:2015,
  author      = {Talat Ozyagcilar},
  institution = {Freescale Semiconductor},
  title       = {Calibrating an eCompass in the Presence of Hard- and Soft-Iron Interference},
  year        = {2015},
  number      = {AN4246},
}

@book{Sutherland:2014,
  author         = {Jeff Sutherland and J.J. Sutherland},
  editor         = {},
  publisher      = {Currency},
  title          = {SCRUM: The Art of Doing Twice the Work in Half the Time},
  year           = {2014}
}

@misc{Duffy:2023,
  author       = {Braidan Duffy and Sebastian Madgwick},
  howpublished = {Interview},
  title        = {Discussions with Dr. Sebastian Madgwick},
  year         = {2023}
}

@misc{lowell,
  author       = "Lowell Instruments, LLC",
  howpublished = "\url{https://lowellinstruments.com/products/mat-1-data-logger/}",
  title        = "Lowell Instruments MAT-1 Product Page",
  year         = "",
  note         = "Accessed: 2023"
}

@software{Thetis-Firmware,
  author = {Duffy, Braidan},
  month = jun,
  title = {{Thetis-Firmware}},
  url = {https://github.com/Legohead259/Thetis-Firmware},
  version = {2.0.0-beta1},
  year = {2023}
}

@software{ThetisLib,
  author = {Duffy, Braidan},
  month = jun,
  title = {{ThetisLib}},
  url = {https://github.com/Legohead259/ThetisLib},
  version = {2.0.0-beta1},
  year = {2023}
}

@software{Thetis-Scripts,
  author = {Duffy, Braidan},
  month = oct,
  title = {{Thetis-Scripts}},
  url = {https://github.com/Legohead259/Thetis-Scripts},
  version = {1.0.0},
  year = {2023}
}

@software{xioAPI-Arduino,
  author = {Duffy, Braidan},
  month = oct,
  title = {{xioAPI-Arduino}},
  url = {https://github.com/Legohead259/xioAPI-Arduino},
  version = {1.0.0},
  year = {2023}
}

@software{Timer-Events-Arduino,
  author = {Duffy, Braidan},
  month = oct,
  title = {{Timer-Events-Arduino}},
  url = {https://github.com/Legohead259/Timer-Events-Arduino},
  version = {1.0.0},
  year = {2023}
}

@software{Fusion-Arduino,
  author = {Duffy, Braidan},
  month = oct,
  title = {{Fusion-Arduino}},
  url = {https://github.com/Legohead259/Fusion-Arduino},
  version = {1.0.0},
  year = {2023}
}

@software{Thetis-Calibration,
  author = {Duffy, Braidan},
  month = oct,
  title = {{Thetis-Calibration}},
  url = {https://github.com/Legohead259/Thetis-Calibration},
  version = {1.0.0},
  year = {2023}
}

@article{Macenski:2022,
    author = {Steven Macenski and Tully Foote and Brian Gerkey and Chris Lalancette and William Woodall},
    title = {Robot Operating System 2: Design, architecture, and uses in the wild},
    journal = {Science Robotics},
    volume = {7},
    number = {66},
    pages = {eabm6074},
    year = {2022},
    doi = {10.1126/scirobotics.abm6074},
    URL = {https://www.science.org/doi/abs/10.1126/scirobotics.abm6074}
}

@manual{ThetisUserManual,
  author       = {Braidan Duffy},
  title        = {Thetis User Manual},
  url          = {https://github.com/Legohead259/Thetis-User-Manual}
}

@software{Gait-Tracking,
  author = {Sebastian Madgwick},
  month = sep,
  title = {Gait-Tracking},
  url = {https://github.com/xioTechnologies/Gait-Tracking},
  version = {1.0.0},
  year = {2023}
}

@software{x-IMU3-Software,
  author = {xio-Technologies},
  month = oct,
  title = {{x-IMU3-Software}},
  url = {https://github.com/xioTechnologies/x-IMU3-Software},
  version = {1.3.1},
  year = {2023}
}

@book{NASA-SystemsEngineeringHandbook,
  author         = {NASA},
  editor         = {Steven R. Hirshorn},
  publisher      = {National Aeronautic and Space Administration},
  title          = {NASA Systems Engineering Handbook},
  year           = {2019}
}

@inbook{SystemsEngineeringHandbook-AppendixC,
  author         = {NASA},
  chapter        = {Appendix C: How to Write a Good Requirement},
  editor         = {Steven R. Hirshorn},
  pages          = {197-199},
  publisher      = {National Aeronautic and Space Administration},
  title          = {NASA Systems Engineering Handbook},
  year           = {2019}
}

@article{Coats:2013,
  Author = {Riley, Michael R. and Coats, Tim and Haupt, Kelly and Jacobson, Donald},
  ISSN = {21582866},
  Journal = {Journal of Ship Production \& Design},
  Keywords = {COMPARATIVE studies, SUPERSONIC aerodynamics, ACCELERATION (Mechanics), OCEAN conditions (Weather), STANDARD deviations, NUMERICAL calculations, peak acceleration, planing craft, seakeeping, wave impact},
  Number = {1},
  Pages = {25 - 35},
  Title = {Ride Severity Index: A Simplified Approach for Comparing Peak Acceleration Responses of High-Speed Craft.},
  Volume = {29},
  URL = {https://portal.lib.fit.edu/login?url=https://search.ebscohost.com/login.aspx?direct=true&db=a9h&AN=85589608&site=eds-live},
  Year = {2013},
}

@book{White:2011,
  author         = {Elecia White},
  editor         = {Andy Oram and Mike Hendrickson},
  publisher      = {O'Reilly Media, Inc.},
  title          = {Making Embedded Systems},
  year           = {2011}
}

@misc{SparkFun:AnalogDigital,
  author       = {Jim Blom},
  howpublished = {\url{https://learn.sparkfun.com/tutorials/analog-vs-digital/all}},
  title        = {Analog vs. Digital},
  year         = {}
}

@misc{AnalogDialogue:UART,
  author       = {Eric Peňa and Mary Grace Legaspi},
  howpublished = {\url{https://www.analog.com/en/analog-dialogue/articles/uart-a-hardware-communication-protocol.html}},
  title        = {UART: A Hardware Communication Protocol Understanding Universal Asynchronous Receiver/Transmitter},
  year         = {}
}

@misc{AnalogDevices:I2C,
  author       = {Sal Afzal},
  howpublished = {\url{https://www.analog.com/en/technical-articles/i2c-primer-what-is-i2c-part-1.html}},
  title        = {I2C Primer: What is I2C? (Part 1)},
  year         = {}
}

@misc{AnalogDialogue:SPI,
  author       = {Piyu Dhaker},
  howpublished = {\url{https://www.analog.com/en/analog-dialogue/articles/introduction-to-spi-interface.html}},
  title        = {Introduction to SPI Interface},
  year         = {}
}

@article{Longuet-Higgins:1963,
  author          = {M.S. Longuet-Higgins and D.E. Cartwright and N.D. Smith},
  journal         = {Ocean Wave Spectra},
  number          = {},
  title           = {Observation of the directional spectrum of sea waves using the motions of a floating buoy},
  volume          = {},
  year            = {1963},
  pages           = {111-136}
}

@manual{WaveRider4UserManaul,
  author       = {Datawell BV},
  title        = {Datawell Waverider Manual: DWR4},
  year         = {2023}
}

@techreport{NOAAWaveMeasure,
  author      = {Marshall D. Earle},
  institution = {National Oceanic and Atmosphereic Administration},
  title       = {Nondirection and Directional Wave Data Analysis Procedures},
  year        = {2003},
  number      = {NDBC Technical Document 03-01},
}

@book{DeanAndDalrymple,
  author         = {Robert G. Dean and Robert A. Dalrymple},
  editor         = {Philip L-F Liu},
  publisher      = {World Scientific},
  title          = {Water Wave Mechanics for Engineers and Scientists},
  year           = {1991}
}